%  BibFile containing references in optimization and
%  related topics.
%
%  The format of the of the BibTex entry label is :
%
%     <Lastname_morenames_YearLetter> .
%
%  For example, the key from a book by Dennis and Schnabel is :
%
%     Dennis_Schnabel_1983 .
%
%
%%%%%%%%%%%%%%%%%%%%%%%%%%%%%%%%%%%%%%%%%%%%%%%%%%%%%%%%%%%%%%%%%%%%%%%%%%%
%  The following are string macros for the standard journal
%  abbreviations used in the review journal Mathematical Reviews.
%
@string{annals = "Ann. of Math."}
@string{astat = "Ann. Math. Statist."}
@string{actan = "Acta Numer."}
@string{amj = "Amer. J. Math."}
@string{amm = "Amer. Math. Monthly"}
@string{amc = "Appl. Math. Comput."}
@string{bams = "Bull. Amer. Math. Soc."}
@string{bit = "BIT"}
@string{cacm = "Commun. ACM"}
@string{coap = "Comput. Optim. Appl."}
@string{dmj = "Duke Math. J."}
@string{ejor = "European J. Oper. Res."}
@string{etna = "Electron. Trans. Numer. Anal."}
@string{fcm = "Found. Comput. Math."}
@string{imana = "IMA J. Numer. Anal."}
@string{itmtt = "IEEE Trans. Microw. Theory Tech."}
@string{jcomam = "J. Comput. Appl. Math."}
@string{jcp = "J. Comput. Phys."} 
@string{jogo = "J. Global Optim."}
@string{jota = "J. Optim. Theory Appl."}
@string{jrssb = "J. R. Stat. Soc. Ser. B. Stat. Methodol."}
@string{jmaa = "J. Math. Anal. Appl."}
@string{mathcomput = "Math. Comp."}
@string{mprog = "Math. Program."}
@string{mprogc = "Math. Program. Comput."}
@string{nmath = "Numer. Math."}
@string{nlaa = "Numer. Linear Algebra Appl."}
@string{operres = "Oper. Res."}
@string{opteng = "Optim. Eng."}
@string{optl = "Optim. Lett."}
@string{opt = "Optimization"}
@string{optms = "Optim. Methods Softw."}
@string{pams = "Proc. Amer. Math. Soc."}
@string{qam = "Quart. Appl. Math."}
@string{qor = "4OR"}
@string{sico = "SIAM J. Control Optim."}
@string{siis = "SIAM J. Imaging Sci."}
@string{sinum = "SIAM J. Numer. Anal. "}
@string{siopt = "SIAM J. Optim."}
@string{sirev = "SIAM Rev."}
@string{sisc = "SIAM J. Sci. Comput."}
@string{sistc = "SIAM J. Sci. Stat. Comp."}
@string{simax = "SIAM J. Matrix Anal. Appl."}
@string{tams = "Trans. Amer. Math. Soc."}
@string{toms = "ACM Trans. Math. Software"}

%  The following are string macros for the standard series 
%  abbreviations used in the review journal Mathematical Reviews.
@string{asoc = "Athena Sci. Optim. Comput. Ser."}
@string{cse = "Comput. Sci. Eng."}
@string{mpso = "MPS-SIAM Ser. Optim."}
@string{moso = "MOS-SIAM Ser. Optim."}
@string{pms = "Princeton Math. Ser."}
@string{sscm = "Springer Ser. Comput. Math."}
@string{scam = "Ser. Contemp. Appl. Math. CAM"}
@string{soa = "Springer Optim. Appl."}
@string{sorfe = "Springer Ser. Oper. Res. Financ. Eng."}
@string{aopt = "Appl. Optim."}
@string{gmw = "Grundlehren Math. Wiss."}
@string{fam = "Frontiers Appl. Math."}
@string{lncse = "Lect. Notes Comput. Sci. Eng."}

%%%%%%%%%%%%%%%%%%%%%%%%%%%%%%%%%%%%%%%%%%%%%%%%%%%%%%%%%%%%%%%%%%%%%%%%%%%

@article{Jordan_1874,
author = {Jordan, C.},
journal = {J. Math. Pures Appl.},
pages = {35-54},
title = {M\'emoire sur les formes bilin\'eaires},
volume = {19},
year = {1874},
}

@book{jordan1874reduction,
  title={Sur la r{\'e}duction des formes bilin{\'e}aires},
  author={Jordan, Camille},
  year={1874},
  publisher={Gauthier-Villars}
}

@article{Eckart_Young_1939,
author = {Eckart, C. and Young, G.},
title = {A principal axis transformation for non-{H}ermitian matrices},
volume = {45},
journal = bams,
pages = {118--121},
year = {1939},
}

@article{Lanczos_1958,
  title={Linear Systems in Self-Adjoint Form},
  author={Lanczos, C.},
  journal= amm,
  volume={65},
  pages={665--679},
  year={1958},
}

@article{Stewart_1993,
  title={On the early history of the singular value decomposition},
  author={Stewart, G. W.},
  journal=sirev,
  volume={35},
  pages={551--566},
  year={1993},
}


@incollection{Mathias_2013,
  title={Singular Values and Singular Value Inequalities},
  booktitle={Handbook of Linear Algebra},
  author={Mathias, R.},
  editor={Hogben, L.},
  year={2013},
  publisher={CRC Press},
  address={Boca Raton, FL}
}

@incollection{Han_Neumann_2013,
  title = {Inner Product Spaces, Orthogonal Projection, Least Squares, and Singular Value Decomposition},
  booktitle={Handbook of Linear Algebra},
  author={Han, L. and Neumann, M.},
  editor={Hogben, L.},
  year={2013},
  publisher={CRC Press},
  address={Boca Raton, FL}
}


@article{Fan_Hoffman_1955,
  title={Some metric inequalities in the space of matrices},
  author={Fan, Ky and Hoffman, A. J.},
  journal= pams,
  volume={6},
  pages={111--116},
  year={1955},
}

@book{Trefethen_Bau_1997,
  title={Numerical Linear Algebra},
  author={Trefethen, L. N. and Bau III, D.},
  year={1997},
  address={Philadelphia},
  publisher={SIAM}
}

@article{Cao_Feng_2003,
  title={A note on variational representation for singular values of matrix},
  author={Cao, Z.-H. and Feng, L.-H.},
  journal= amc,
  volume={143},
  pages={559--563},
  year={2003},
}

@article{Koranyi_2001,
  title={Around the finite-dimensional spectral theorem},
  author={Kor{\'a}nyi, A.},
  journal= amm,
  volume={108},
  pages={120--125},
  year={2001},
}
