/home/zaikunzhang/Bureau/bibliographie/zref.bib